<?xml version="1.0" encoding="UTF-8"?><record xmlns="http://www.loc.gov/MARC21/slim" xmlns:cinclude="http://apache.org/cocoon/include/1.0" xmlns:zs="http://www.loc.gov/zing/srw/">
  <leader>00484nz  a2200133n  4500</leader>
  <controlfield tag="001">no 90002137 </controlfield>
  <controlfield tag="003">DLC</controlfield>
  <controlfield tag="005">19900126135429.2</controlfield>
  <controlfield tag="008">900126n| acannaab|          |n aaa     c</controlfield>
  <datafield tag="010" ind1=" " ind2=" ">
    <subfield code="a">no 90002137 </subfield>
  </datafield>
  <datafield tag="040" ind1=" " ind2=" ">
    <subfield code="a">DGPO</subfield>
    <subfield code="c">DGPO</subfield>
  </datafield>
  <datafield tag="100" ind1="1" ind2="0">
    <subfield code="a">Moore, Charles A.</subfield>
    <subfield code="q">(Charles Alvin),</subfield>
    <subfield code="d">1947-</subfield>
  </datafield>
  <datafield tag="670" ind1=" " ind2=" ">
    <subfield code="a">Miethe, T.D., Sentencing guidelines, their effect in Minnesota, 1989:</subfield>
    <subfield code="b">t.p. (Charles A. Moore)</subfield>
  </datafield>
  <datafield tag="670" ind1=" " ind2=" ">
    <subfield code="a">Phone call to author, Univ. of Wisc.-Eau Claire, 1/26/90</subfield>
    <subfield code="b">(Charles Alvin Moore, d.o.b. 1947)</subfield>
  </datafield>
</record>